<collection xmlns='http://www.loc.gov/MARC21/slim' xmlns:xsi='http://www.w3.org/2001/XMLSchema-instance' xsi:schemaLocation='http://www.loc.gov/standards/marcxml/schema/MARC21slim.xsd'>
  <record xmlns="http://www.loc.gov/MARC21/slim">
    <leader>00000ctm a2200000Ia 4500</leader>
    <controlfield tag="001">on1080520207</controlfield>
    <controlfield tag="008">181231s1475    xx            000 0 ara d</controlfield>
    <datafield tag="040" ind1=" " ind2=" ">
      <subfield code="a">PLF</subfield>
      <subfield code="b">eng</subfield>
      <subfield code="e">amremm</subfield>
      <subfield code="c">PLF</subfield>
      <subfield code="d">OCLCF</subfield>
      <subfield code="d">PLF</subfield>
    </datafield>
    <datafield tag="035" ind1=" " ind2=" ">
      <subfield code="a">(PLF)2438125</subfield>
    </datafield>
    <datafield tag="099" ind1=" " ind2=" ">
      <subfield code="a">Lewis O 23</subfield>
    </datafield>
    <datafield tag="049" ind1=" " ind2=" ">
      <subfield code="a">PLFF</subfield>
    </datafield>
    <datafield tag="100" ind1="1" ind2=" ">
      <subfield code="6">880-01</subfield>
      <subfield code="a">Ibn al-ʻImād, Muḥammad ibn Muḥammad,</subfield>
      <subfield code="d">1422-1482.</subfield>
    </datafield>
    <datafield tag="245" ind1="1" ind2="0">
      <subfield code="6">880-02</subfield>
      <subfield code="a">[Mukhtaṣar Anwār al-tanzīl wa-asrār al-taʼwīl].</subfield>
    </datafield>
    <datafield tag="246" ind1="1" ind2=" ">
      <subfield code="6">880-03</subfield>
      <subfield code="i">Title from colophon:</subfield>
      <subfield code="a">ʻImādī.</subfield>
    </datafield>
    <datafield tag="260" ind1=" " ind2=" ">
      <subfield code="c">A.H. 880 (1475)</subfield>
    </datafield>
    <datafield tag="300" ind1=" " ind2=" ">
      <subfield code="a">172 leaves :</subfield>
      <subfield code="b">paper ;</subfield>
      <subfield code="c">263 x 170 (200 x 125) mm bound to 263 x 170 mm.</subfield>
    </datafield>
    <datafield tag="500" ind1=" " ind2=" ">
      <subfield code="a">Ms. codex.</subfield>
    </datafield>
    <datafield tag="520" ind1=" " ind2=" ">
      <subfield code="a">Autograph copy of the first volume of an abridgment of al-Bayḍāwī's Anwār al-tanzīl wa asrār al-taʼwīl, a commentary on the Qurʼān. The writer states that he wished he could have taken that book along with him on his trip to Mecca and so wrote a shorter version more conducive to travel (f. 1v). This copy contains through verse 110 of al-Kahf (18:110). The last leaf is adhered to the back board.</subfield>
    </datafield>
    <datafield tag="546" ind1=" " ind2=" ">
      <subfield code="a">Arabic.</subfield>
    </datafield>
    <datafield tag="500" ind1=" " ind2=" ">
      <subfield code="a">Title supplied by cataloger based on introduction (f. 1v).</subfield>
    </datafield>
    <datafield tag="510" ind1="4" ind2=" ">
      <subfield code="a">Simsar, Muhammed Ahmed. Oriental manuscripts of the John Frederick Lewis Collection,</subfield>
      <subfield code="c">23.</subfield>
    </datafield>
    <datafield tag="500" ind1=" " ind2=" ">
      <subfield code="a">Foliation: Modern foliation added in pencil upper left recto, 1-86 [=85], 86-121, 121[a]-172; catchwords every verso, lower left.</subfield>
    </datafield>
    <datafield tag="500" ind1=" " ind2=" ">
      <subfield code="a">Layout: 29 long lines; frame ruled with a misṭarah. Some marginal headers and notes.</subfield>
    </datafield>
    <datafield tag="500" ind1=" " ind2=" ">
      <subfield code="a">Script: Written in naskh in black ink; pointed.</subfield>
    </datafield>
    <datafield tag="500" ind1=" " ind2=" ">
      <subfield code="a">Decoration: Rubrications in red. Short titles upper left recto.</subfield>
    </datafield>
    <datafield tag="500" ind1=" " ind2=" ">
      <subfield code="a">Binding: Bound in pasteboard boards with brown paper sides with a black inked window design and frame, leather edges and cornerpieces. Plain paper doublure.</subfield>
    </datafield>
    <datafield tag="500" ind1=" " ind2=" ">
      <subfield code="a">Origin: Copy complete in A.H. 880 (1475) by Muḥammad ibn Muḥammad ibn ʻAlī ibn Muḥammad Ibn al-ʻImād, with permission from Shaykh al-Imām Abū al-ʻAbbās Aḥmad ibn Abū ʻAbd Allāh Muḥammad al-ʻUmar al-Wāsiṭī (f. 172r). The colophon states that this is the end of first volume of al-ʻImādī (ākhir al-juzʼ al-awwal min al-ʻImādī) (f. 172r).</subfield>
    </datafield>
    <datafield tag="500" ind1=" " ind2=" ">
      <subfield code="a">An inscription is dated 22 Dhū al-Qaʻdah 1285 (March 6, 1869) (f. 1r).</subfield>
    </datafield>
    <datafield tag="541" ind1="1" ind2=" ">
      <subfield code="a">Gift of Anne Baker Lewis in 1933.</subfield>
    </datafield>
    <datafield tag="561" ind1="1" ind2=" ">
      <subfield code="a">Sold in February 1925 as "Ihmu'l-Ansul: 'The Science of the Roots,' i.e. the Rules for interpreting dreams and Islamic Exegesis, etc." (catalog excerpt and note inside front cover).</subfield>
    </datafield>
    <datafield tag="561" ind1="1" ind2=" ">
      <subfield code="a">Formerly owned by John Frederick Lewis.</subfield>
    </datafield>
    <datafield tag="630" ind1="0" ind2="0">
      <subfield code="a">Qurʼan</subfield>
      <subfield code="v">Commentaries</subfield>
      <subfield code="v">Early works to 1800.</subfield>
    </datafield>
    <datafield tag="630" ind1="0" ind2="0">
      <subfield code="a">Qurʼan</subfield>
      <subfield code="x">Criticism, interpretation, etc.</subfield>
      <subfield code="v">Early works to 1800.</subfield>
    </datafield>
    <datafield tag="600" ind1="1" ind2="0">
      <subfield code="6">880-04</subfield>
      <subfield code="a">Bayḍāwī, ʻAbd Allāh ibn ʻUmar,</subfield>
      <subfield code="d">-1286?</subfield>
      <subfield code="t">Anwār al-tanzīl wa-asrār al-taʼwīl.</subfield>
    </datafield>
    <datafield tag="630" ind1="0" ind2="7">
      <subfield code="a">Anwār al-tanzīl wa-asrār al-taʼwīl (Bayḍāwī, ʻAbd Allāh ibn ʻUmar)</subfield>
      <subfield code="2">fast</subfield>
      <subfield code="0">(OCoLC)fst01369620</subfield>
    </datafield>
    <datafield tag="655" ind1=" " ind2="0">
      <subfield code="a">Manuscripts, Arabic</subfield>
      <subfield code="y">15th century.</subfield>
    </datafield>
    <datafield tag="655" ind1=" " ind2="0">
      <subfield code="a">Manuscripts, Oriental</subfield>
      <subfield code="y">15th century.</subfield>
    </datafield>
    <datafield tag="655" ind1=" " ind2="7">
      <subfield code="a">Codices (bound manuscripts)</subfield>
      <subfield code="2">aat</subfield>
    </datafield>
    <datafield tag="655" ind1=" " ind2="7">
      <subfield code="a">Manuscripts (documents)</subfield>
      <subfield code="2">aat</subfield>
    </datafield>
    <datafield tag="655" ind1=" " ind2="7">
      <subfield code="a">Abridgements.</subfield>
      <subfield code="2">aat</subfield>
    </datafield>
    <datafield tag="700" ind1="1" ind2="2">
      <subfield code="6">880-05</subfield>
      <subfield code="a">Bayḍāwī, ʻAbd Allāh ibn ʻUmar,</subfield>
      <subfield code="d">-1286?</subfield>
      <subfield code="t">Anwār al-tanzīl wa-asrār al-taʼwīl.</subfield>
      <subfield code="k">Selections.</subfield>
    </datafield>
    <datafield tag="700" ind1="1" ind2=" ">
      <subfield code="a">Lewis, Anne Baker,</subfield>
      <subfield code="d">1868-1937,</subfield>
      <subfield code="e">donor.</subfield>
    </datafield>
    <datafield tag="700" ind1="1" ind2=" ">
      <subfield code="a">Lewis, John Frederick,</subfield>
      <subfield code="d">1860-1932,</subfield>
      <subfield code="e">former owner.</subfield>
    </datafield>
    <datafield tag="710" ind1="2" ind2=" ">
      <subfield code="a">Free Library of Philadelphia.</subfield>
      <subfield code="b">Rare Book Department.</subfield>
      <subfield code="b">John Frederick Lewis Collection of Oriental Manuscripts.</subfield>
    </datafield>
    <datafield tag="852" ind1=" " ind2=" ">
      <subfield code="b">Rare Book Department</subfield>
      <subfield code="a">Free Library of Philadelphia</subfield>
      <subfield code="e">Philadelphia</subfield>
      <subfield code="u">https://know.freelibrary.org/Record/2438125</subfield>
    </datafield>
    <datafield tag="880" ind1="1" ind2=" ">
      <subfield code="6">100-01/(3/r</subfield>
      <subfield code="a">ابن العماد، محمد بن محمد،</subfield>
      <subfield code="d">1422-1482.</subfield>
    </datafield>
    <datafield tag="880" ind1="1" ind2="0">
      <subfield code="6">245-02/(3/r</subfield>
      <subfield code="a">[مختصر أنوار التنزيل وأسرار التأويل].</subfield>
    </datafield>
    <datafield tag="880" ind1="1" ind2=" ">
      <subfield code="6">246-03/(3/r</subfield>
      <subfield code="a">عمادي.</subfield>
    </datafield>
    <datafield tag="880" ind1="1" ind2="4">
      <subfield code="6">600-04/(3/r</subfield>
      <subfield code="a">بيضاوي، عبد الله بن عمر،</subfield>
      <subfield code="d">-1286؟</subfield>
      <subfield code="t">انوار التنزيل واسرار التأويل.</subfield>
    </datafield>
    <datafield tag="880" ind1="1" ind2="2">
      <subfield code="6">700-05/(3/r</subfield>
      <subfield code="a">بيضاوي، عبد الله بن عمر،</subfield>
      <subfield code="d">-1286؟</subfield>
      <subfield code="t">انوار التنزيل واسرار التأويل.</subfield>
      <subfield code="k">Selections.</subfield>
    </datafield>
    <datafield tag="066" ind1=" " ind2=" ">
      <subfield code="c">(3</subfield>
    </datafield>
  </record></collection>